% This file was created with JabRef 2.8.1.
% Encoding: UTF-8

@ARTICLE{Ambroggio2006,
  author = {Ambroggio, X. I. and Kuhlman, B.},
  title = {{{D}esign of protein conformational switches}},
  journal = {Curr. Opin. Struct. Biol.},
  year = {2006},
  volume = {16},
  pages = {525--530},
  number = {4},
  month = {Aug},
  owner = {subhodeep},
  timestamp = {2012.10.06}
}

@ARTICLE{Zheng2009,
  author = {Zheng, W. and Friedman, A. M. and Bailey-Kellogg, C.},
  title = {{{A}lgorithms for joint optimization of stability and diversity in
	planning combinatorial libraries of chimeric proteins}},
  journal = {J. Comput. Biol.},
  year = {2009},
  volume = {16},
  pages = {1151--1168},
  number = {8},
  month = {Aug},
  owner = {subhodeep},
  timestamp = {2012.12.06}
}

@comment{jabref-meta: selector_review:}

@comment{jabref-meta: selector_publisher:}

@comment{jabref-meta: selector_author:}

@comment{jabref-meta: selector_journal:}

@comment{jabref-meta: selector_keywords:}

